/home/guillaume/Documents/ML.bib